Automatically generated by Mendeley Desktop 1.17.11
Any changes to this file will be lost if it is regenerated by Mendeley.

BibTeX export options can be customized via Preferences -> BibTeX in Mendeley Desktop

@book{Wedel-Wolff1997,
abstract = {1. Aufl., Dr. 1.},
author = {von. Wedel-Wolff, Annegret},
isbn = {3-14-162031-8},
publisher = {Westermann},
title = {{{\"{U}}ben im Leseunterricht der Grundschule}},
url = {https://books.google.de/books/about/{\"{U}}ben{\_}im{\_}Leseunterricht{\_}der{\_}Grundschule.html?id=HwnHPQAACAAJ{\&}redir{\_}esc=y},
year = {1997}
}
@article{Gough1986,
abstract = {Proposes that reading skill equals the product of decoding (context-free word recognition) and linguistic comprehension. It is argued that there must be 3 types of reading disability that result from an inability to decode (dyslexia), an inability to comprehend (hyperlexia), or both (common reading disability). Research supporting this typology is reviewed, and implications of this simple model of reading are discussed in relation to those of alternative perspectives. (37 ref) (PsycINFO Database Record (c) 2012 APA, all rights reserved)},
author = {Gough, Philip B. and Tunmer, William E.},
doi = {10.1177/074193258600700104},
isbn = {0741-9325},
issn = {0741-9325},
journal = {RASE: Remedial {\&} Special Education},
number = {1},
pages = {6--10},
title = {{Decoding, reading, and reading disability.}},
volume = {7},
year = {1986}
}
@book{Mayer2016,
abstract = {Grundlagen zum Schriftspracherwerb und Kenntnisse {\"{u}}ber Ursachen einer Lese-Rechtschreibst{\"{o}}rung (LRS) bilden die Basis, um LRS zu verstehen. Dieses Buch bietet verst{\"{a}}ndliche und ausf{\"{u}}hrliche Information zu Fr{\"{u}}herkennung, Diagnose, F{\"{o}}rderung und Therapie bei einer Lese-Rechtschreibst{\"{o}}rung (LRS). Es gibt einen {\"{U}}berblick {\"{u}}ber Aufbau, Inhalte und Ziele g{\"{a}}ngiger F{\"{o}}rderprogramme. Neueste Erkenntnisse werden mit konkreten Hinweisen f{\"{u}}r die schulische und therapeutische Praxis verkn{\"{u}}pft.},
annote = {S45
Definition LRS},
author = {Mayer, Andreas},
booktitle = {Lese-Rechtschreibst{\"{o}}rungen (LRS)},
isbn = {9783838586625},
keywords = {Schulp{\"{a}}dagogik},
title = {{Lese-Rechtschreibst{\"{o}}rungen (LRS)}},
url = {https://www.utb-studi-e-book.de/lese-rechtschreibstoerungen-lrs.html},
year = {2016}
}
@book{Jansen1999,
abstract = {Das Bielefelder Screening (BISC) ist ein in mehreren L{\{}{\"{a}}{\}}ngsschnittuntersuchunggen erprobtes Verfahren zur Fr{\{}{\"{u}}{\}}herkennung von Lese-Rechtschreibschwierigkeiten, das bei Vorschulkindern zehn und/oder vier Monate vor Einschulung einsetzbar ist. Das Testverfahren erlaubt die zuverl{\{}{\"{a}}{\}}ssige und objektive Erfassung spezifischer vorschulischer Schriftsprachvoraussetzungen und besitzt hohe prognostische Validit{\{}{\"{a}}{\}}t f{\{}{\"{u}}{\}}r sp{\{}{\"{a}}{\}}ter auftretende Lese-Rechtschreibschwierigkeiten in den ersten beiden Schuljahren. Das Testverfahren unterst{\{}{\"{u}}{\}}tzt damit diagnostisch die prim{\{}{\"{a}}{\}}re Pr{\{}{\"{a}}{\}}vention von Lese-Rechtschreibschwierigkeiten.},
author = {Jansen, H},
booktitle = {Hogrefe: G{\"{o}}ttingen ua},
title = {{Bielefelder Screening zur Fr{\"{u}}herkennung von Lese-Rechtschreib-Schwierigkeiten (BISC)}},
year = {1999}
}
@article{Fischer2015,
author = {Fischer, Melanie Y. and Pfost, Maximilian},
doi = {10.1026/0049-8637/a000121},
issn = {21906262},
journal = {Zeitschrift fur Entwicklungspsychologie und Padagogische Psychologie},
keywords = {Meta-analysis,Phonological awareness,Reading development,Spelling},
number = {1},
pages = {35--51},
title = {{Wie effektiv sind Ma{\ss}nahmen zur F{\"{o}}rderung der phonologischen Bewusstheit?: Eine meta-analytische Untersuchung der Auswirkungen deutschsprachiger Trainingsprogramme auf den Schriftspracherwerb}},
volume = {47},
year = {2015}
}
@book{Schulte-Koerne2014,
address = {Bochum},
annote = {S. 51
- Lesekompetenz in Pisa Studie, 4 Faktoren, "Kognitive Grundf{\"{a}}higkeit", "Dekodierf{\"{a}}higkeit", "Lernstrategiewissen", "Leseintreresse"
- (f{\"{u}}r PISA bereits vorrausgesetzt)

S. 52
- Dekodierf{\"{a}}higkeit, Erkennen von S{\"{a}}tzen und W{\"{o}}rtern
- vgl
- Gute Dekodierf{\"{a}}higkeit ist Vorraussetzung f{\"{u}}r das Verst{\"{a}}ndnis von W{\"{o}}rtern und S{\"{a}}tzen
- beim Lesen Silbe als kleinste Einheit
- Zerlegung in Segmente die gr{\"{o}}{\ss}er sind als Einzelbuchstaben unerl{\"{a}}sslich f{\"{u}}r das Erkennen l{\"{a}}ngerer W{\"{o}}rter},
author = {Findeisen, Uwe. and Kargl, Reinhard. and Purgstaller, Christian. and Fink, Andreas. and Sch{\"{o}}fl, Martin. and Kaufmann, Liane. and Gerlach, David. and Heim, Stefan. and Grande, Marion. and Klatte, Maria. and Steinbrink, Claudia. and Pr{\"{o}}l{\ss}, Alexander. and Estner, Barbara. and Christmann, Corinna. and Lachmann, Thomas. and Brandelik, Katharina. and Lorenz, Jens Holger. and Koschay, Edeltraud. and Trauzettel-Klosinski, Susanne. and Ohlenforst, Sandra. and Fischer, Ursula. and Moeller, Korbinian. and Fritz, Annemarie. and Ehlert, Antje. and Reuter-Liehr, Carola. and Geist, Alexander. and M{\"{a}}hler, Claudia. and Schuchardt, Kirsten. and Schulte-K{\"{o}}rne, Gerd},
isbn = {978-3-89911-213-9 Kt},
publisher = {Winkler, Dieter},
title = {{Legasthenie und Dyskalkulie: Neue Methoden zu Diagnostik und F{\"{o}}rderung}},
url = {https://books.google.de/books/about/Legasthenie{\_}und{\_}Dyskalkulie{\_}Neue{\_}Methode.html?id=dLqloAEACAAJ{\&}redir{\_}esc=y},
year = {2014}
}
@article{Chen2016a,
author = {Chen, Xiaobin and Meurers, Detmar},
file = {:Users/oliver/Library/Mobile Documents/com{\~{}}apple{\~{}}CloudDocs/uni/mt/literature/chen-CTAB.pdf:pdf},
journal = {Coling 2016},
pages = {113--119},
title = {{CTAP : A Web-Based Tool Supporting Automatic Complexity Analysis}},
year = {2016}
}
@book{Steinbrink2014,
address = {Berlin, Heidelberg},
author = {{Claudia SteinbrinkThomas Lachmann}},
doi = {https://doi.org/10.1007/978-3-642-41842-6},
file = {:Users/oliver/Downloads/10.1007-978-3-642-41842-6.pdf:pdf},
isbn = {9783642418419},
publisher = {Springer VS},
title = {{Lese-Rechtschreibst{\"{o}}rung}},
url = {https://doi.org/10.1007/978-3-642-41842-6{\%}0A},
year = {2014}
}
@article{Lyon2003,
abstract = {This paper elaborates on the components of a working definition of de- velopmental dyslexia. It follows the general format of a paper by Lyon published in Annals of Dyslexia in 1995, which elaborated on a working definition proposed in 1994 (Lyon, 1995). The current defini- tion agreed on by the work group updates and expands on the working definition from 1994.},
archivePrefix = {arXiv},
arxivId = {00028282},
author = {Lyon, G. Reid and Shaywitz, Sally E. and Shaywitz, Bennett A.},
doi = {10.1007/s11881-003-0001-9},
eprint = {00028282},
isbn = {0736-9387},
issn = {0736-9387},
journal = {Annals of Dyslexia},
number = {1},
pages = {1--14},
pmid = {507800251},
title = {{A definition of dyslexia}},
url = {http://link.springer.com/10.1007/s11881-003-0001-9},
volume = {53},
year = {2003}
}
@article{Schulte-Korne2001,
abstract = {Language$\backslash$nGerman$\backslash$n$\backslash$nEs wird ueber Effekte des {\{}$\backslash$dq{\}}Marburger Rechtschreibtrainings{\{}$\backslash$dq{\}} berichtet,$\backslash$ndas mit zehn rechtschreibschwachen Grundschuelern (2. bis 4. Klasse)$\backslash$nueber einen Zeitraum von drei Monaten als Einzeltraining durchgefuehrt$\backslash$nwurde. Dabei ergaben sich signifikante Verbesserungen im Rechtschreib-$\backslash$nund Lesetest, jedoch noch nicht im subjektiv eingeschaetzten$\backslash$nLeidensdruck. Damit erwies sich das Training auch in einer$\backslash$nKurzzeitintervention als erfolgreich. (Zeitschrift/U.R.W. - ZPID)},
author = {Schulte-K{\"{o}}rne, G. and Deimel, W. and H{\"{u}}lsmann, J. and Seidler, T. and Remschmidt, H.},
doi = {10.1024//1422-4917.29.1.7},
issn = {1422-4917},
journal = {Zeitschrift f{\"{u}}r Kinder- und Jugendpsychiatrie und Psychotherapie},
number = {1},
pages = {7--15},
title = {{Das Marburger Rechtschreib-Training - Ergebnisse einer Kurzzeit-Intervention}},
url = {http://econtent.hogrefe.com/doi/abs/10.1024//1422-4917.29.1.7},
volume = {29},
year = {2001}
}
@article{Chen2016,
author = {Chen, Xiaobin and Meurers, Detmar},
file = {:Users/oliver/Library/Mobile Documents/com{\~{}}apple{\~{}}CloudDocs/uni/mt/literature/chen-CTAB.pdf:pdf},
journal = {Coling 2016},
pages = {113--119},
title = {{CTAP : A Web-Based Tool Supporting Automatic Complexity Analysis}},
year = {2016}
}
@article{Karls2017,
author = {Karls, Eberhard and T{\"{u}}bingen, Universit{\"{a}}t},
file = {:Users/oliver/Library/Mobile Documents/com{\~{}}apple{\~{}}CloudDocs/uni/mt/literature/ThesisLeonaGoebbels.pdf:pdf},
title = {{Bachelorarbeit Kognitionswissenschaft Entwicklung eines Systems mit Eigenwahrnehmung zur}},
year = {2017}
}
@article{Madnani2016,
abstract = {Current education standards in the U.S. require school students to read and understand complex texts from different subject areas (e.g., social studies). However, such texts usually contain figurative language, complex phrases and sentences, as well as unfamiliar discourse relations. This may present an obstacle to students whose native language is not English - a growing sub-population in the US. 1 One way to help such students is to create classroom activities centered around linguistic elements found in subject area texts (DelliCarpini, 2008). We present a web-based tool that uses NLP algorithms to automatically generate customizable linguistic activities that are grounded in language learning research.},
author = {Madnani, Nitin and Burstein, Jill and Sabatini, John and Biggers, Kietha and Andreyev, Slava},
file = {:Users/oliver/Library/Application Support/Mendeley Desktop/Downloaded/Madnani et al. - 2016 - Language Muse Automated Linguistic Activity Generation for English Language Learners.pdf:pdf;:Users/oliver/Library/Mobile Documents/com{\~{}}apple{\~{}}CloudDocs/uni/mt/literature/burstein-language muse.pdf:pdf},
isbn = {9781510827615},
journal = {Proceedings of ACL-2016 System Demonstrations},
number = {c},
pages = {79--84},
title = {{Language Muse: Automated Linguistic Activity Generation for English Language Learners}},
url = {http://aclweb.org/anthology/P16-4014},
year = {2016}
}
