@MISC {alexandrakirsch2016,
    author       = "Alexandra Kirsch",
    title        = "Hinweise zum Erstellen von Bachelor-/Masterarbeiten im Arbeitsbereich Mensch-Computer-Interaktion und Künstliche Intelligenz",
    howpublished = "\url{http://www.wsi.uni-tuebingen.de/lehrstuehle/human-computer-interaction/home/lehre/information.html}, Downloadlink im Abschnitt \qq{Hilfestellungen}",
    month        = jul,
    year         = "2016",
    note         = "Abgerufen 2016-07-14"
}
@BOOK {nielsen1994usability,
    author    = "Jakob Nielsen",
    title     = "Usability Engineering",
    publisher = "Elsevier Science",
    year      = "1994",
    series    = "Interactive Technologies",
    isbn      = "9780080520292",
    url       = "https://books.google.de/books?id=DBOowF7LqIQC"
}
@MISC {booktabs,
    author       = "Simon Fear",
    title        = "Anfertigen von hochwertigen Tabellen mit \LaTeX",
    howpublished = "\url{http://mirrors.ctan.org/macros/latex/contrib/booktabs-de/booktabs-de.pdf}",
    month        = mar,
    year         = "2011",
    note         = "Abgerufen 2016-07-05"
}
@MISC {pgfmanual,
    author       = "Till Tantau",
    title        = "The TikZ and PGF Packages -- Manual for version 3.0.1a",
    howpublished = "\url{http://mirrors.ctan.org/graphics/pgf/base/doc/pgfmanual.pdf}",
    month        = aug,
    year         = "2015",
    note         = "Abgerufen 2016-07-05"
}
@MISC {BibTexOnlineEditor,
    author       = "Peder Lång Skeidsvoll",
    title        = "BibTex Online Editor",
    howpublished = "\url{http://truben.no/latex/bibtex/}",
    year         = "2016",
    note         = "Abgerufen 2016-07-04. Achtung, manuelle Anpassung erforderlich: Die Monatskürzel dürfen nicht in Anführungszeichen oder geschweifte Klammern eingeschlossen werden."
}
@MISC {texstudio,
    author       = "van der Zander, Benito",
    title        = "TeXstudio",
    howpublished = "\url{http://www.texstudio.org/}",
    year         = "2016",
    note         = "Abgerufen 2016-07-04"
}
@MISC {thorstennagel2015,
    author       = "Thorsten Nagel",
    title        = "Kurs-Skript \qq{Einführung in \LaTeX}",
    howpublished = "\url{http://www.nagel-net.de/Latex/DOKU/Latexkurs_Skript.pdf}",
    month        = dec,
    year         = "2015",
    note         = "Abgerufen 2016-07-30"
}